<?xml version="1.0" encoding="UTF-8" ?><marc:record xmlns:marc="http://www.loc.gov/MARC21/slim"><marc:leader>00514nam a2200109   4500</marc:leader><marc:controlfield tag="001">1000488</marc:controlfield><marc:controlfield tag="008">100120s1836        enk       |00|| und d</marc:controlfield><marc:datafield tag="100" ind1="1" ind2=" "><marc:subfield code="a">Darwin, Charles.</marc:subfield></marc:datafield><marc:datafield tag="245" ind1="1" ind2="0"><marc:subfield code="a">Description physique des Îles Canaries, suivie d'une indication des principaux volcans du globe. :</marc:subfield><marc:subfield code="b">[Supplementary material in Charles Darwin's copy].</marc:subfield></marc:datafield><marc:datafield tag="500" ind1=" " ind2=" "><marc:subfield code="a">Identifier: Buch2006yn26U_MS.</marc:subfield></marc:datafield><marc:datafield tag="700" ind1="1" ind2=" "><marc:subfield code="a">Buch, Leopold von.</marc:subfield></marc:datafield><marc:datafield tag="772" ind1="0" ind2=" "><marc:subfield code="t">Description physique des Îles Canaries, suivie d'une indication des principaux volcans du globe.</marc:subfield><marc:subfield code="o">Buch2006yn26U</marc:subfield></marc:datafield></marc:record>